@misc{motorola,
    author = "Motorola Inc.",
    year = 1992,
    title = "MOTOROLA M68000 FAMILY Programmer’s Reference Manual",
    howpublished = "\url{https://www.nxp.com/docs/en/reference-manual/M68000PRM.pdf}",
    note = "[Last accessed on: 2018/03/19]"
}

@book{intel198780387,
  title={80387 Programmer's Reference Manual},
  author={Intel Corporation},
  isbn={9781555120573},
  year={1987},
  publisher={Intel Corporation}
}

@misc{x87,
    author = "Intel Corporation",
    title = "Intel® 64 and IA-32 Architectures Developer's Manual: Vol.
        1, Order no 253667",
    howpublished = "\url{https://www.intel.de/content/www/de/de/architecture-and-technology/64-ia-32-architectures-software-developer-vol-1-manual.html}"
}

@misc{aesni,
    author =  "Shay Gueron, Intel Architecture Group",
    title = "Intel® Advanced Encryption Standard (AES) New Instructions Set",
    howpublished =
        "\url{https://software.intel.com/sites/default/files/article/165683/aes-wp-2012-09-22-v01.pdf}",
    note = "[Last accessed on: 2018/03/19]"}

@manual{riscv,
      shorthand     = "RV17",
      author        = "Andrew Waterman and Yunsup Lee and David
          Patterson and
          Krste Asanovic",
      title         = "{The RISC-V Instruction Set Manual Volume I}",
      address       = "University of Berkeley, California",
      organization  = "CS Division, EECS Department",
      edition       = "v. 2.2",
      year          = "2017",
      url           = "https://riscv.org/",
}

@book{computer_architecture,
    author = {Patterson, David A. and Hennessy, John L.},
    title = {Computer Architecture: A Quantitative Approach},
    year = {1990},
    isbn = {1-55880-069-8},
    publisher = {Morgan Kaufmann Publishers Inc.},
    address = {San Francisco, CA, USA},
} 

@misc{spinal_doc1,
    author = "SpinalHDL",
    title = "SpinalHDL user guide",
    howpublished = "\url{https://spinalhdl.github.io/SpinalDoc/}",
    note = "[Last accessed on: 2018/03/19]"
}
